@article{menges2000applications,
	title={Applications of population viability analyses in plant conservation},
	author={Menges, Eric S},
	journal={Ecological Bulletins},
	pages={73--84},
	year={2000},
	publisher={JSTOR}
}
@article{ewald1987transmission,
	title={Transmission modes and evolution of the parasitism-mutualism continuum.},
	author={Ewald, Paul W},
	journal={Annals of the New York Academy of Sciences},
	volume={503},
	pages={295--306},
	year={1987}
}


@article{funkhouser2013mom,
	title={Mom knows best: the universality of maternal microbial transmission},
	author={Funkhouser, Lisa J and Bordenstein, Seth R},
	journal={PLoS biology},
	volume={11},
	number={8},
	pages={e1001631},
	year={2013},
	publisher={Public Library of Science San Francisco, USA}
}


@article{leuchtmann1992systematics,
	title={Systematics, distribution, and host specificity of grass endophytes},
	author={Leuchtmann, A},
	journal={Natural toxins},
	volume={1},
	number={3},
	pages={150--162},
	year={1992}
}


@article{saether2013life,
	title={How life history influences population dynamics in fluctuating environments},
	author={S{\ae}ther, Bernt-Erik and Coulson, Tim and Gr{\o}tan, Vidar and Engen, Steinar and Altwegg, Res and Armitage, Kenneth B and Barbraud, Christophe and Becker, Peter H and Blumstein, Daniel T and Dobson, F Stephen and others},
	journal={The American Naturalist},
	volume={182},
	number={6},
	pages={743--759},
	year={2013},
	publisher={University of Chicago Press Chicago, IL}
}

@article{tuljapurkar_population_1982,
	title = {Population dynamics in variable environments. {III}. {Evolutionary} dynamics of r-selection},
	volume = {21},
	issn = {0040-5809},
	url = {http://www.sciencedirect.com/science/article/pii/0040580982900107},
	doi = {10.1016/0040-5809(82)90010-7},
	abstract = {The boundary dynamics of a genetic model for an age-structured population in a temporally fluctuating environment are analyzed. The condition for invasion by a new allele identifies the logarithmic growth rate a of each life history phenotype as the fitness measure relevant to “r-selection.” An analytical formula is obtained for fitness a when temporal variance in life history characters is small. This formula reveals the major qualitative and quantitative effects of the average life history, fluctuations, and temporal autocorrelation on fitness. A similar approximation is obtained for the log-variance of population number so that the statistical distribution of population size can be estimated.},
	language = {en},
	number = {1},
	urldate = {2019-12-01},
	journal = {Theoretical Population Biology},
	author = {Tuljapurkar, Shripad D.},
	month = feb,
	year = {1982},
	pages = {141--165},
	file = {ScienceDirect Snapshot:/Users/joshuacfowler/Zotero/storage/JJ8ZJKK3/0040580982900107.html:text/html}
}

@article{hilde_demographic_2020,
	title = {The {Demographic} {Buffering} {Hypothesis}: {Evidence} and {Challenges}},
	volume = {0},
	issn = {0169-5347},
	shorttitle = {The {Demographic} {Buffering} {Hypothesis}},
	url = {https://www.cell.com/trends/ecology-evolution/abstract/S0169-5347(20)30050-1},
	doi = {10.1016/j.tree.2020.02.004},
	language = {English},
	number = {0},
	urldate = {2020-03-25},
	journal = {Trends in Ecology \& Evolution},
	author = {Hilde, Christoffer H. and Gamelon, Marlène and Sæther, Bernt-Erik and Gaillard, Jean-Michel and Yoccoz, Nigel G. and Pélabon, Christophe},
	month = mar,
	year = {2020},
	note = {Publisher: Elsevier},
	keywords = {demographic lability, elasticity, environmental stochasticity, population growth rate, sensitivity, vital rates}
}

@article{lewontin_population_1969,
	title = {On {Population} {Growth} in a {Randomly} {Varying} {Environment}},
	volume = {62},
	issn = {0027-8424, 1091-6490},
	url = {https://www.pnas.org/content/62/4/1056},
	doi = {10.1073/pnas.62.4.1056},
	abstract = {If a population is growing in a randomly varying environment, such that the finite rate of increase per generation is a random variable with no serial autocorrelation, the logarithm of population size at any time t is normally distributed. Even though the expectation of population size may grow infinitely large with time, the probability of extinction may approach unity, owing to the difference between the geometric and arithmetic mean growth rates.},
	language = {en},
	number = {4},
	urldate = {2020-03-26},
	journal = {Proceedings of the National Academy of Sciences},
	author = {Lewontin, R. C. and Cohen, D.},
	month = apr,
	year = {1969},
	pmid = {5256406},
	note = {Publisher: National Academy of Sciences
Section: Biological Sciences: Zoology},
	pages = {1056--1060},
	file = {Full Text PDF:/Users/joshuacfowler/Zotero/storage/XMRUA3C3/Lewontin and Cohen - 1969 - On Population Growth in a Randomly Varying Environ.pdf:application/pdf;Snapshot:/Users/joshuacfowler/Zotero/storage/5FBFLJJY/1056.html:text/html}
}


@article{pfister1998patterns,
	title={Patterns of variance in stage-structured populations: evolutionary predictions and ecological implications},
	author={Pfister, Catherine A},
	journal={Proceedings of the National Academy of Sciences},
	volume={95},
	number={1},
	pages={213--218},
	year={1998},
	publisher={National Acad Sciences}
}

@book{IPCC2012managing,
  title={Managing the risks of extreme events and disasters to advance climate change adaptation: special report of the intergovernmental panel on climate change. Special Report.},
  author={IPCC},
  year={2012},
  publisher={Cambridge University Press}
}

@article{iles2019shifting,
  title={Shifting vital rate correlations alter predicted population responses to increasingly variable environments},
  author={Iles, David T and Rockwell, Robert F and Koons, David N},
  journal={The American Naturalist},
  volume={193},
  number={3},
  pages={E57--E64},
  year={2019},
  publisher={University of Chicago Press Chicago, IL}
}

@article{doak2005correctly,
  title={Correctly estimating how environmental stochasticity influences fitness and population growth},
  author={Doak, Daniel F and Morris, William F and Pfister, Cathy and Kendall, Bruce E and Bruna, Emilio M},
  journal={The American Naturalist},
  volume={166},
  number={1},
  pages={E14--E21},
  year={2005},
  publisher={The University of Chicago Press}
}

@article{chamberlain2014context,
  title={How context dependent are species interactions?},
  author={Chamberlain, Scott A and Bronstein, Judith L and Rudgers, Jennifer A},
  journal={Ecology letters},
  volume={17},
  number={7},
  pages={881--890},
  year={2014},
  publisher={Wiley Online Library}
}

@book{seneviratne2012changes,
  title={Changes in climate extremes and their impacts on the natural physical environment},
  author={Seneviratne, Sonia and Nicholls, Neville and Easterling, David and Goodess, Clare and Kanae, Shinjiro and Kossin, James and Luo, Yali and Marengo, Jose and McInnes, Kathleen and Rahimi, Mohammad and others},
  booktitle={Managing the Risks of Extreme Events and Disasters to Advance Climate Change Adaptation. A Special Report of Working Groups I and II of the Intergovernmental Panel on Climate Change (IPCC)},
  year={2012},
  publisher={Cambridge University Press}
}

@incollection{stocker2013technical,
  title={Technical summary},
  author={Stocker, Thomas F and Qin, Dahe and Plattner, G-K and Alexander, Lisa V and Allen, Simon K and Bindoff, Nathaniel L and Br{\'e}on, F-M and Church, John A and Cubasch, Ulrich and Emori, Seita and others},
  booktitle={Climate change 2013: the physical science basis. Contribution of Working Group I to the Fifth Assessment Report of the Intergovernmental Panel on Climate Change},
  pages={33--115},
  year={2013},
  publisher={Cambridge University Press}
}

@article{menges1990population,
  title={Population viability analysis for an endangered plant},
  author={Menges, Eric S},
  journal={Conservation biology},
  volume={4},
  number={1},
  pages={52--62},
  year={1990},
  publisher={Wiley Online Library}
}

@article{kivlin2013fungal,
  title={Fungal symbionts alter plant responses to global change},
  author={Kivlin, Stephanie N and Emery, Sarah M and Rudgers, Jennifer A},
  journal={American Journal of Botany},
  volume={100},
  number={7},
  pages={1445--1457},
  year={2013},
  publisher={Wiley Online Library}
}

@article{elderd2016quantifying,
  title={Quantifying demographic uncertainty: Bayesian methods for integral projection models},
  author={Elderd, Bret D and Miller, Tom EX},
  journal={Ecological Monographs},
  volume={86},
  number={1},
  pages={125--144},
  year={2016},
  publisher={Wiley Online Library}
}

@incollection{bacon2018stains,
  title={Stains, media, and procedures for analyzing endophytes},
  author={Bacon, Charles W and White, James F},
  booktitle={Biotechnology of endophytic fungi of grasses},
  pages={47--56},
  year={2018},
  publisher={CRC Press}
}

@article{fine1975vectors,
  title={Vectors and vertical transmission: an epidemiologic perspective},
  author={Fine, Paul EM},
  journal={Annals of the New York Academy of Sciences},
  volume={266},
  number={1},
  pages={173--194},
  year={1975},
  publisher={Wiley Online Library}
}

@article{douglas1998host,
  title={Host benefit and the evolution of specialization in symbiosis},
  author={Douglas, AE},
  journal={Heredity},
  volume={81},
  number={6},
  pages={599--603},
  year={1998},
  publisher={Nature Publishing Group}
}

@article{rudgers2009fungus,
  title={A fungus among us: broad patterns of endophyte distribution in the grasses},
  author={Rudgers, Jennifer A and Afkhami, Michelle E and R{\'u}a, Megan A and $ Davitt $, Andrew J and Hammer, Samantha and Huguet, Val{\'e}rie M},
  journal={Ecology},
  volume={90},
  number={6},
  pages={1531--1539},
  year={2009},
  publisher={Wiley Online Library}
}

@article{davitt2011understanding,
	title={Understanding context-dependency in plant--microbe symbiosis: the influence of abiotic and biotic contexts on host fitness and the rate of symbiont transmission},
	author={Davitt, Andrew J and Chen, Chris and Rudgers, Jennifer A},
	journal={Environmental and Experimental Botany},
	volume={71},
	number={2},
	pages={137--145},
	year={2011},
	publisher={Elsevier}
}

@article{brownlie2009symbiont,
	title={Symbiont-mediated protection in insect hosts},
	author={Brownlie, Jeremy C and Johnson, Karyn N},
	journal={Trends in microbiology},
	volume={17},
	number={8},
	pages={348--354},
	year={2009},
	publisher={Elsevier}
}

@article{brem2001epichloe,
  title={Epichlo{\"e} grass endophytes increase herbivore resistance in the woodland grass Brachypodium sylvaticum},
  author={Brem, D and Leuchtmann, A},
  journal={Oecologia},
  volume={126},
  number={4},
  pages={522--530},
  year={2001},
  publisher={Springer}
}

@article{clay2005herbivores,
	title={Herbivores cause a rapid increase in hereditary symbiosis and alter plant community composition},
	author={Clay, Keith and Holah, Jenny and Rudgers, Jennifer A},
	journal={Proceedings of the National Academy of Sciences},
	volume={102},
	number={35},
	pages={12465--12470},
	year={2005},
	publisher={National Acad Sciences}
}

@article{ishikawa1982host,
	title={Host-symbiont interactions in the protein synthesis in the pea aphid, Acyrthosiphon pisum},
	author={Ishikawa, Hajime},
	journal={Insect Biochemistry},
	volume={12},
	number={6},
	pages={613--622},
	year={1982},
	publisher={Elsevier}
}


@article{hara1990predominant,
	title={The Predominant Protein in an Aphid Endosymbiont rs Homologous to an E. coli Heat Shock Protein},
	author={HARA, EIJIRO and FUKATSU, TAKEMA and KAKEDA, KEIKO and KENGAKU, MINEKO and OHTAKA, CHIAKI and ISHIKAWA, HAJIIVIE},
	journal={Symbiosis},
	year={1990},
	publisher={Balaban Publishers}
}

@article{dunbar2007aphid,
	title={Aphid thermal tolerance is governed by a point mutation in bacterial symbionts},
	author={Dunbar, Helen E and Wilson, Alex C C and Ferguson, Nicole R and Moran, Nancy A},
	journal={PLoS biology},
	volume={5},
	number={5},
	pages={e96},
	year={2007},
	publisher={Public Library of Science San Francisco, USA}
}

@article{neyaz2022localization,
	title={Localization of the swainsonine-producing chaetothyriales symbiont in the seed and shoot apical meristem in its host Ipomoea carnea},
	author={Neyaz, Marwa and Gardner, Dale R and Creamer, Rebecca and Cook, Daniel},
	journal={Microorganisms},
	volume={10},
	number={3},
	pages={545},
	year={2022},
	publisher={MDPI}
}

@article{saikkonen2013chemical,
	title={Chemical ecology mediated by fungal endophytes in grasses},
	author={Saikkonen, Kari and Gundel, Pedro E and Helander, Marjo},
	journal={Journal of chemical ecology},
	volume={39},
	pages={962--968},
	year={2013},
	publisher={Springer}
}

@article{reyna2012detection,
	title={Detection and localization of the endophyte Undifilum oxytropis in locoweed tissues},
	author={Reyna, Roxanna and Cooke, Peter and Grum, Daniel and Cook, Daniel and Creamer, Rebecca},
	journal={Botany},
	volume={90},
	number={12},
	pages={1229--1236},
	year={2012},
	publisher={NRC Research Press}
}


@article{hamilton2012new,
  title={A new currency for mutualism? Fungal endophytes alter antioxidant activity in hosts responding to drought},
  author={Hamilton, Cyd E and Bauerle, Taryn L},
  journal={Fungal Diversity},
  volume={54},
  number={1},
  pages={39--49},
  year={2012},
  publisher={Springer}
}

@article{cheplick2004recovery,
  title={Recovery from drought stress in Lolium perenne (Poaceae): are fungal endophytes detrimental?},
  author={Cheplick, Gregory P},
  journal={American Journal of Botany},
  volume={91},
  number={12},
  pages={1960--1968},
  year={2004},
  publisher={Wiley Online Library}
}

@article{kannadan2008endophyte,
  title={Endophyte symbiosis benefits a rare grass under low water availability},
  author={Kannadan, S and Rudgers, JA},
  journal={Functional Ecology},
  volume={22},
  number={4},
  pages={706--713},
  year={2008},
  publisher={Wiley Online Library}
}

@article{tuljapurkar1980population,
  title={Population dynamics in variable environments I. Long-run growth rates and extinction},
  author={Tuljapurkar, SD and Orzack, Steven Hecht},
  journal={Theoretical Population Biology},
  volume={18},
  number={3},
  pages={314--342},
  year={1980},
  publisher={Elsevier}
}

@article{hoadley2019host,
  title={Host--symbiont combinations dictate the photo-physiological response of reef-building corals to thermal stress},
  author={Hoadley, Kenneth D and Lewis, Allison M and Wham, Drew C and Pettay, D Tye and Grasso, Chris and Smith, Robin and Kemp, Dustin W and LaJeunesse, Todd C and Warner, Mark E},
  journal={Scientific Reports},
  volume={9},
  number={1},
  pages={1--15},
  year={2019},
  publisher={Nature Publishing Group}
}

@article{russell2006costs,
  title={Costs and benefits of symbiont infection in aphids: variation among symbionts and across temperatures},
  author={Russell, Jacob A and Moran, Nancy A},
  journal={Proceedings of the Royal Society B: Biological Sciences},
  volume={273},
  number={1586},
  pages={603--610},
  year={2006},
  publisher={The Royal Society London}
}

@article{corbin2017heritable,
  title={Heritable symbionts in a world of varying temperature},
  author={Corbin, Chris and Heyworth, Eleanor Rose and Ferrari, Julia and Hurst, Gregory DD},
  journal={Heredity},
  volume={118},
  number={1},
  pages={10--20},
  year={2017},
  publisher={Nature Publishing Group}
}

@article{brownlie2009symbiont,
  title={Symbiont-mediated protection in insect hosts},
  author={Brownlie, Jeremy C and Johnson, Karyn N},
  journal={Trends in microbiology},
  volume={17},
  number={8},
  pages={348--354},
  year={2009},
  publisher={Elsevier}
}

@article{mcfall2013animals,
  title={Animals in a bacterial world, a new imperative for the life sciences},
  author={McFall-Ngai, Margaret and Hadfield, Michael G and Bosch, Thomas CG and Carey, Hannah V and Domazet-Lo{\v{s}}o, Tomislav and Douglas, Angela E and Dubilier, Nicole and Eberl, Gerard and Fukami, Tadashi and Gilbert, Scott F and others},
  journal={Proceedings of the National Academy of Sciences},
  volume={110},
  number={9},
  pages={3229--3236},
  year={2013},
  publisher={National Acad Sciences}
}

@article{rudgers2020climate,
  title={Climate disruption of plant-microbe interactions},
  author={Rudgers, Jennifer A and Afkhami, Michelle E and Bell-Dereske, Lukas and Chung, Y Anny and Crawford, Kerri M and Kivlin, Stephanie N and Mann, Michael A and Nu{\~n}ez, Martin A},
  journal={Annual review of ecology, evolution, and systematics},
  volume={51},
  number={1},
  year={2020}
}

@article{rodriguez2009fungal,
  title={Fungal endophytes: diversity and functional roles},
  author={Rodriguez, RJ and White Jr, JF and Arnold, Anne E and Redman, a RS and},
  journal={New phytologist},
  volume={182},
  number={2},
  pages={314--330},
  year={2009},
  publisher={Wiley Online Library}
}

@article{billick2003relative,
  title={The relative importance of spatial vs. temporal variability in generating a conditional mutualism},
  author={Billick, Ian and Tonkel, Kirk},
  journal={Ecology},
  volume={84},
  number={2},
  pages={289--295},
  year={2003},
  publisher={Wiley Online Library}
}

@article{jordano1994spatial,
  title={Spatial and temporal variation in the avian-frugivore assemblage of Prunus mahaleb: patterns and consequences},
  author={Jordano, Pedro},
  journal={Oikos},
  pages={479--491},
  year={1994},
  publisher={JSTOR}
}

@article{decunta2021systematic,
  title={A systematic review on the effects of Epichlo{\"e} fungal endophytes on drought tolerance in cool-season grasses},
  author={Decunta, Facundo A and P{\'e}rez, Luis I and Malinowski, Dariusz P and Molina-Montenegro, Marco A and Gundel, Pedro E},
  journal={Frontiers in plant science},
  volume={12},
  pages={644731},
  year={2021},
  publisher={Frontiers Media SA}
}

@book{cheplick2009ecology,
  title={Ecology and evolution of the grass-endophyte symbiosis},
  author={Cheplick, Gregory P and Faeth, Stanley and Faeth, Stanley H},
  year={2009},
  publisher={OUP USA}
}

@article{rudgers2009benefits,
  title={Benefits of a fungal endophyte in Elymus virginicus decline under drought stress},
  author={Rudgers, Jennifer A and Swafford, Angela L},
  journal={Basic and Applied Ecology},
  volume={10},
  number={1},
  pages={43--51},
  year={2009},
  publisher={Elsevier}
}

@article{brooks1998general,
  title={General methods for monitoring convergence of iterative simulations},
  author={Brooks, Stephen P and Gelman, Andrew},
  journal={Journal of computational and graphical statistics},
  volume={7},
  number={4},
  pages={434--455},
  year={1998},
  publisher={Taylor \& Francis}
}

@book{gelman2006data,
  title={Data analysis using regression and multilevel/hierarchical models},
  author={Gelman, Andrew and Hill, Jennifer},
  year={2006},
  publisher={Cambridge university press}
}

@article{morris2008longevity,
  title={Longevity can buffer plant and animal populations against changing climatic variability},
  author={Morris, William F and Pfister, Catherine A and Tuljapurkar, Shripad and Haridas, Chirrakal V and Boggs, Carol L and Boyce, Mark S and Bruna, Emilio M and Church, Don R and Coulson, Tim and Doak, Daniel F and others},
  journal={Ecology},
  volume={89},
  number={1},
  pages={19--25},
  year={2008},
  publisher={Wiley Online Library}
}

@article{fieberg2001stochastic,
  title={Stochastic matrix models for conservation and management: a comparative review of methods},
  author={Fieberg, John and Ellner, Stephen P},
  journal={Ecology letters},
  volume={4},
  number={3},
  pages={244--266},
  year={2001},
  publisher={Wiley Online Library}
}

@article{ellis2013role,
  title={The role of transient dynamics in stochastic population growth for nine perennial plants},
  author={Ellis, Martha M and Crone, Elizabeth E},
  journal={Ecology},
  volume={94},
  number={8},
  pages={1681--1686},
  year={2013},
  publisher={Wiley Online Library}
}

@article{tuljapurkar2003many,
  title={The many growth rates and elasticities of populations in random environments},
rol C and Pascarella, John B},
  journal={The American Naturalist},
  volume={162},
  number={4},
  pages={489--502},
  year={2003},
  publisher={The University of Chicago Press}
}

@book{tuljapurkar2013population,
  title={Population dynamics in variable environments},
  author={Tuljapurkar, Shripad},
  volume={85},
  year={2013},
  publisher={Springer Science \& Business Media}
}

@article{cohen1979comparative,
  title={Comparative statics and stochastic dynamics of age-structured populations},
  author={Cohen, Joel E},
  journal={Theoretical population biology},
  volume={16},
  number={2},
  pages={159--171},
  year={1979},
  publisher={Elsevier}
}

@article{compagnoni2016effect,
  title={The effect of demographic correlations on the stochastic population dynamics of perennial plants},
  author={Compagnoni, Aldo and Bibian, Andrew J and Ochocki, Brad M and Rogers, Haldre S and Schultz, Emily L and Sneck, Michelle E and, Bret D and Iler, Amy M and Inouye, David W and Jacquemyn, Hans and others},
  journal={Ecological Monographs},
  volume={86},
  number={4},
  pages={480--494},
  year={2016},
  publisher={Wiley Online Library}
}

@article{rudgers2012there,
  title={There are many ways to be a mutualist: endophytic fungus reduces plant survival but increases population growth},
  author={Rudgers, Jennifer A and Miller, Tom EX and Ziegler, Shaun M and Craven, Kelly D},
  journal={Ecology},
  volume={93},
  number={3},
  pages={565--574},
  year={2012},
  publisher={Wiley Online Library}
}

@article{rees2009integral,
  title={Integral projection models for populations in temporally varying environments},
  author={Rees, Mark and Ellner, Stephen P},
  journal={Ecological Monographs},
  volume={79},
  number={4},
  pages={575--594},
  year={2009},
  publisher={Wiley Online Library}
}

  @Misc{rstan2022,
	title = {{RStan}: the {R} interface to {Stan}},
	author = {{Stan Development Team}},
	note = {R package version 2.21.7},
	year = {2022},
	url = {https://mc-stan.org/},
}

@article{caswell2001matrix,
	title={Matrix population models: Construction, analysis, and interpretation. 2nd edn sinauer associates},
	author={Caswell, Hal},
	journal={Inc., Sunderland, MA},
	year={2001}
}

@article{williams2012avoiding,
	title={Avoiding unintentional eviction from integral projection models},
	author={Williams, Jennifer L and Miller, Tom EX and Ellner, Stephen P},
	journal={Ecology},
	volume={93},
	number={9},
	pages={2008--2014},
	year={2012},
	publisher={Wiley Online Library}
}

@article{afkhami2008symbiosis,
	title={Symbiosis lost: imperfect vertical transmission of fungal endophytes in grasses},
	author={Afkhami, Michelle E and Rudgers, Jennifer A},
	journal={The American Naturalist},
	volume={172},
	number={3},
	pages={405--416},
	year={2008},
	publisher={The University of Chicago Press}
}

@article{murphy1968pattern,
	title={Pattern in life history and the environment},
	author={Murphy, Garth I},
	journal={The American Naturalist},
	volume={102},
	number={927},
	pages={391--403},
	year={1968},
	publisher={University of Chicago Press}
}

@article{le2022life,
	title={Life history adaptations to fluctuating environments: Combined effects of demographic buffering and lability},
	author={Le Coeur, Christie and Yoccoz, Nigel G and Salguero-G{\'o}mez, Roberto and Vindenes, Yngvild},
	journal={Ecology Letters},
	volume={25},
	number={10},
	pages={2107--2119},
	year={2022},
	publisher={Wiley Online Library}
}

@article{compagnoni2021herbaceous,
	title={Herbaceous perennial plants with short generation time have stronger responses to climate anomalies than those with longer generation time},
	author={Compagnoni, Aldo and Levin, Sam and Childs, Dylan Z and Harpole, Stan and Paniw, Maria and R{\"o}mer, Gesa and Burns, Jean H and Che-Castaldo, Judy and R{\"u}ger, Nadja and Kunstler, Georges and others},
	journal={Nature communications},
	volume={12},
	number={1},
	pages={1--8},
	year={2021},
	publisher={Nature Publishing Group}
}

@article{jones2022rcompadre,
	title={Rcompadre and Rage—Two R packages to facilitate the use of the COMPADRE and COMADRE databases and calculation of life-history traits from matrix population models},
	author={Jones, Owen R and Barks, Patrick and Stott, Iain and James, Tamora D and Levin, Sam and Petry, William K and Capdevila, Pol and Che-Castaldo, Judy and Jackson, John and R{\"o}mer, Gesa and others},
	journal={Methods in Ecology and Evolution},
	volume={13},
	number={4},
	pages={770--781},
	year={2022},
	publisher={Wiley Online Library}
}

@article{salguero2016fast,
	title={Fast--slow continuum and reproductive strategies structure plant life-history variation worldwide},
	author={Salguero-G{\'o}mez, Roberto and Jones, Owen R and Jongejans, Eelke and Blomberg, Simon P and Hodgson, David J and Mbeau-Ache, Cyril and Zuidema, Pieter A and De Kroon, Hans and Buckley, Yvonne M},
	journal={Proceedings of the National Academy of Sciences},
	volume={113},
	number={1},
	pages={230--235},
	year={2016},
	publisher={National Acad Sciences}
}

@article{rees1996evolutionary,
	title={Evolutionary ecology of seed dormancy and seed size},
	author={Rees, Mark},
	journal={Philosophical Transactions of the Royal Society of London. Series B: Biological Sciences},
	volume={351},
	number={1345},
	pages={1299--1308},
	year={1996},
	publisher={The Royal Society London}
}

@article{moles2004seedling,
	title={Seedling survival and seed size: a synthesis of the literature},
	author={Moles, Angela T and Westoby, Mark},
	journal={Journal of Ecology},
	volume={92},
	number={3},
	pages={372--383},
	year={2004},
	publisher={Wiley Online Library}
}


@article{schardl2005epichloe,
	title={The Epichlo{\"e} endophytes of grasses and the symbiotic continuum},
	author={Schardl, Christopher L and Leuchtmann, Adrian},
	journal={Mycology series},
	volume={23},
	pages={475},
	year={2005}
}

@article{jeschke2009roles,
	title={The roles of body size and phylogeny in fast and slow life histories},
	author={Jeschke, Jonathan M and Kokko, Hanna},
	journal={Evolutionary Ecology},
	volume={23},
	number={6},
	pages={867--878},
	year={2009},
	publisher={Springer}
}

@article{vicente2010multiscalar,
	title={A multiscalar drought index sensitive to global warming: the standardized precipitation evapotranspiration index},
	author={Vicente-Serrano, Sergio M and Beguer{\'\i}a, Santiago and L{\'o}pez-Moreno, Juan I},
	journal={Journal of climate},
	volume={23},
	number={7},
	pages={1696--1718},
	year={2010}
}

@article{chamberlain2022package,
	title={Package ‘rnoaa’},
	author={Chamberlain, Scott and Hocking, Daniel and Anderson, Brooke},
	year={2022}
}


@article{rodriguez2021limits,
	title={The limits of demographic buffering in coping with environmental variation},
	author={Rodr{\'\i}guez-Caro, Roberto C and Capdevila, Pol and Graci{\'a}, Eva and Barbosa, Jomar M and Gim{\'e}nez, Andr{\'e}s and Salguero-G{\'o}mez, Rob},
	journal={Oikos},
	volume={130},
	number={8},
	pages={1346--1358},
	year={2021},
	publisher={Wiley Online Library}
}


@article{kuparinen2016fishing,
	title={Fishing-induced life-history changes degrade and destabilize harvested ecosystems},
	author={Kuparinen, Anna and Boit, Alice and Valdovinos, Fernanda S and Lassaux, H{\'e}l{\`e}ne and Martinez, Neo D},
	journal={Scientific reports},
	volume={6},
	number={1},
	pages={22245},
	year={2016},
	publisher={Nature Publishing Group UK London}
}

@article{metcalf2015statistical,
	title={Statistical modelling of annual variation for inference on stochastic population dynamics using Integral Projection Models},
	author={Metcalf, C Jessica E and Ellner, Stephen P and Childs, Dylan Z and Salguero-G{\'o}mez, Roberto and Merow, Cory and McMahon, Sean M and Jongejans, Eelke and Rees, Mark},
	journal={Methods in Ecology and Evolution},
	volume={6},
	number={9},
	pages={1007--1017},
	year={2015},
	publisher={Wiley Online Library}
}

@article{metcalf2015statistical,
	title={Statistical modelling of annual variation for inference on stochastic population dynamics using Integral Projection Models},
	author={Metcalf, C Jessica E and Ellner, Stephen P and Childs, Dylan Z and Salguero-G{\'o}mez, Roberto and Merow, Cory and McMahon, Sean M and Jongejans, Eelke and Rees, Mark},
	journal={Methods in Ecology and Evolution},
	volume={6},
	number={9},
	pages={1007--1017},
	year={2015},
	publisher={Wiley Online Library}
}

@article{FloraNAonline
title = {Poaceae}
journal= {Flora of North America North of Mexico [Online]}
author = {Flora of North AMerica Editorial Committee}
volume  = {24}
url = {http://floranorthamerica.org/Poaceae}
year = {1993+}
publisher = {New York and Oxford}

}

  @Article{Burkner2017brms,
	title = {{brms}: An {R} Package for {Bayesian} Multilevel Models
	Using {Stan}},
	author = {Paul-Christian Bürkner},
	journal = {Journal of Statistical Software},
	year = {2017},
	volume = {80},
	number = {1},
	pages = {1--28},
	doi = {10.18637/jss.v080.i01},
	encoding = {UTF-8},
}

@article{zanne2014three,
	title={Three keys to the radiation of angiosperms into freezing environments},
	author={Zanne, Amy E and Tank, David C and Cornwell, William K and Eastman, Jonathan M and Smith, Stephen A and FitzJohn, Richard G and McGlinn, Daniel J and O’Meara, Brian C and Moles, Angela T and Reich, Peter B and others},
	journal={Nature},
	volume={506},
	number={7486},
	pages={89--92},
	year={2014},
	publisher={Nature Publishing Group UK London}
}

@article{leuchtmann2014nomenclatural,
	title={Nomenclatural realignment of Neotyphodium species with genus Epichlo{\"e}},
	author={Leuchtmann, Adrian and Bacon, Charles W and Schardl, Christopher L and White Jr, James F and Tadych, Mariusz},
	journal={Mycologia},
	volume={106},
	number={2},
	pages={202--215},
	year={2014},
	publisher={Taylor \& Francis}
}

@article{crawford2010fungal,
	title={Fungal endophytes of native grasses decrease insect herbivore preference and performance},
	author={Crawford, Kerri M and Land, John M and Rudgers, Jennifer A},
	journal={Oecologia},
	volume={164},
	pages={431--444},
	year={2010},
	publisher={Springer}
}


@article{ehrlen2015predicting,
	title={Predicting changes in the distribution and abundance of species under environmental change},
	author={Ehrl{\'e}n, Johan and Morris, William F},
	journal={Ecology letters},
	volume={18},
	number={3},
	pages={303--314},
	year={2015},
	publisher={Wiley Online Library}
}


@article{rudgers2008invasive,
	title={An invasive plant--fungal mutualism reduces arthropod diversity},
	author={Rudgers, Jennifer A and Clay, Keith},
	journal={Ecology Letters},
	volume={11},
	number={8},
	pages={831--840},
	year={2008},
	publisher={Wiley Online Library}
}

@article{rudgers2007endophyte,
	title={Endophyte symbiosis with tall fescue: how strong are the impacts on communities and ecosystems?},
	author={Rudgers, Jennifer A and Clay, Keith},
	journal={Fungal Biology Reviews},
	volume={21},
	number={2-3},
	pages={107--124},
	year={2007},
	publisher={Elsevier}
}

@article{rudgers2007forest,
	title={Forest succession suppressed by an introduced plant--fungal symbiosis},
	author={Rudgers, Jennifer A and Holah, Jenny and Orr, Samuel P and Clay, Keith},
	journal={Ecology},
	volume={88},
	number={1},
	pages={18--25},
	year={2007},
	publisher={Wiley Online Library}
}

@article{afkhami2016native,
	title={Native fungal endophytes suppress an exotic dominant and increase plant diversity over small and large spatial scales},
	author={Afkhami, Michelle E and Strauss, Sharon Y},
	journal={Ecology},
	volume={97},
	number={5},
	pages={1159--1169},
	year={2016},
	publisher={Wiley Online Library}
}

@article{dallas2022captivity,
	title={Captivity and animal microbiomes: potential roles of microbiota for influencing animal conservation},
	author={Dallas, Jason W and Warne, Robin W},
	journal={Microbial Ecology},
	pages={1--19},
	year={2022},
	publisher={Springer}
}

@article{smith2017symbiont,
	title={Symbiont community stability through severe coral bleaching in a thermally extreme lagoon},
	author={Smith, EG and Vaughan, GO and Ketchum, RN and McParland, D and Burt, JA},
	journal={Scientific Reports},
	volume={7},
	number={1},
	pages={2428},
	year={2017},
	publisher={Nature Publishing Group UK London}
}

@article{bultman1995mutualistic,
	title={Mutualistic transfer of Epichlo{\"e} spermatia by Phorbia flies},
	author={Bultman, Thomas L and White Jr, James F and Bowdish, Todd I and Welch, Allison M and Johnston, Jeffrey},
	journal={Mycologia},
	volume={87},
	number={2},
	pages={182--189},
	year={1995},
	publisher={Taylor \& Francis}
}

@article{gabry2019visualization,
	title={Visualization in Bayesian workflow},
	author={Gabry, Jonah and Simpson, Daniel and Vehtari, Aki and Betancourt, Michael and Gelman, Andrew},
	journal={Journal of the Royal Statistical Society Series A: Statistics in Society},
	volume={182},
	number={2},
	pages={389--402},
	year={2019},
	publisher={Oxford University Press}
}


@article{begueria2013spei,
	title={SPEI: calculation of the standardised precipitation-evapotranspiration index},
	author={Beguer{\'\i}a, Santiago and Vicente-Serrano, Sergio M},
	journal={R package version},
	volume={1},
	number={6},
	year={2013}
}

@article{wu2022reduction,
	title={Reduction of microbial diversity in grassland soil is driven by long-term climate warming},
	author={Wu, Linwei and Zhang, Ya and Guo, Xue and Ning, Daliang and Zhou, Xishu and Feng, Jiajie and Yuan, Mengting Maggie and Liu, Suo and Guo, Jiajing and Gao, Zhipeng and others},
	journal={Nature Microbiology},
	volume={7},
	number={7},
	pages={1054--1062},
	year={2022},
	publisher={Nature Publishing Group UK London}
}


 @misc{ipcc_2021, 
 	title={Climate change 2021: The Physical Science Basis}, url={https://www.ipcc.ch/report/ar6/wg1/},
 	 journal={IPCC Sixth Assessment Report}, 
 	 author={IPCC},
 	 year={2021}
  } 
  
  @article{catford2022addressing,
  	title={Addressing context dependence in ecology},
  	author={Catford, Jane A and Wilson, John RU and Py{\v{s}}ek, Petr and Hulme, Philip E and Duncan, Richard P},
  	journal={Trends in Ecology \& Evolution},
  	volume={37},
  	number={2},
  	pages={158--170},
  	year={2022},
  	publisher={Elsevier}
  }
  
  @article{clark2005environmental,
  	title={Why environmental scientists are becoming Bayesians},
  	author={Clark, James S},
  	journal={Ecology letters},
  	volume={8},
  	number={1},
  	pages={2--14},
  	year={2005},
  	publisher={Wiley Online Library}
  }
  
  
  @article{colchero2021evidence,
  	title={Evidence of demographic buffering in an endangered great ape: Social buffering on immature survival and the role of refined sex-age classes on population growth rate},
  	author={Colchero, Fernando and Eckardt, Winnie and Stoinski, Tara},
  	journal={Journal of Animal Ecology},
  	volume={90},
  	number={7},
  	pages={1701--1713},
  	year={2021},
  	publisher={Wiley Online Library}
  }
  
  @article{dybala2013dependent,
  	title={Dependent vs. independent juvenile survival: contrasting drivers of variation and the buffering effect of parental care},
  	author={Dybala, Kristen E and Gardali, Thomas and Eadie, John M},
  	journal={Ecology},
  	volume={94},
  	number={7},
  	pages={1584--1593},
  	year={2013},
  	publisher={Wiley Online Library}
  }
  
  
  @article{bathiany2018climate,
  	title={Climate models predict increasing temperature variability in poor countries},
  	author={Bathiany, Sebastian and Dakos, Vasilis and Scheffer, Marten and Lenton, Timothy M},
  	journal={Science advances},
  	volume={4},
  	number={5},
  	pages={eaar5809},
  	year={2018},
  	publisher={American Association for the Advancement of Science}
  }

@article{vandenkoornhuyse2015importance,
	title={The importance of the microbiome of the plant holobiont},
	author={Vandenkoornhuyse, Philippe and Quaiser, Achim and Duhamel, Marie and Le Van, Amandine and Dufresne, Alexis},
	journal={New Phytologist},
	volume={206},
	number={4},
	pages={1196--1206},
	year={2015},
	publisher={Wiley Online Library}
}

@article{bruijning2022natural,
	title={Natural selection for imprecise vertical transmission in host--microbiota systems},
	author={Bruijning, Marjolein and Henry, Lucas P and Forsberg, Simon KG and Metcalf, C Jessica E and Ayroles, Julien F},
	journal={Nature ecology \& evolution},
	volume={6},
	number={1},
	pages={77--87},
	year={2022},
	publisher={Nature Publishing Group UK London}
}

@article{brown2019evolution,
	title={Evolution of transmission mode in conditional mutualisms with spatial variation in symbiont quality},
	author={Brown, Alexandra and Ak{\c{c}}ay, Erol},
	journal={Evolution},
	volume={73},
	number={2},
	pages={128--144},
	year={2019},
	publisher={Blackwell Publishing Inc Malden, USA}
}

@incollection{leuchtmann1997population,
	title={The population biology of grass endophytes},
	author={Leuchtmann, A and Clay, K},
	booktitle={Plant Relationships Part B: Part B},
	pages={185--202},
	year={1997},
	publisher={Springer}
}


@article{lange2023impact,
	title={Impact of intraspecific variation in insect microbiomes on host phenotype and evolution},
	author={Lange, Claudia and Boyer, St{\'e}phane and Bezemer, T Martijn and Lefort, Marie-Caroline and Dhami, Manpreet K and Biggs, Eva and Groenteman, Ronny and Fowler, Simon V and Paynter, Quentin and Verdecia Mogena, Arletys M and others},
	journal={The ISME journal},
	volume={17},
	number={11},
	pages={1798--1807},
	year={2023},
	publisher={Oxford University Press}
}

@article{davison2013contributions,
	title={Contributions of covariance: decomposing the components of stochastic population growth in Cypripedium calceolus},
	author={Davison, Raziel and Nicole, Florence and Jacquemyn, Hans and Tuljapurkar, Shripad},
	journal={The American Naturalist},
	volume={181},
	number={3},
	pages={410--420},
	year={2013},
	publisher={University of Chicago Press Chicago, IL}
}


@article{davison2019stochastic,
	title={Stochastic effects contribute to population fitness differences},
	author={Davison, Raziel and Stadman, Marc and Jongejans, Eelke},
	journal={Ecological Modelling},
	volume={408},
	pages={108760},
	year={2019},
	publisher={Elsevier}
}

@article{tuljapurkar2006temporal,
	title={Temporal autocorrelation and stochastic population growth},
	author={Tuljapurkar, Shripad and Haridas, CV},
	journal={Ecology Letters},
	volume={9},
	number={3},
	pages={327--337},
	year={2006},
	publisher={Wiley Online Library}
}

@article{quintana2021drivers,
	title={Drivers of demography: Past challenges and a promise for a changed future},
	author={Quintana-Ascencio, Pedro F and Menges, Eric S and Cook, Geoffrey S and Ehrl{\'e}, J and Afkhami, M},
	journal={Demographic Methods across the Tree of Life; Salguero-G{\'o}mez, R., Gamelon, M., Eds},
	pages={115--129},
	year={2021}
}

@article{evers2021lagged,
	title={Lagged and dormant season climate better predict plant vital rates than climate during the growing season},
	author={Evers, Sanne M and Knight, Tiffany M and Inouye, David W and Miller, Tom EX and Salguero-G{\'o}mez, Roberto and Iler, Amy M and Compagnoni, Aldo},
	journal={Global Change Biology},
	volume={27},
	number={9},
	pages={1927--1941},
	year={2021},
	publisher={Wiley Online Library}
}

@article{perret2024species,
	title={A species’ response to spatial climatic variation does not predict its response to climate change},
	author={Perret, Daniel L and Evans, Margaret EK and Sax, Dov F},
	journal={Proceedings of the National Academy of Sciences},
	volume={121},
	number={1},
	pages={e2304404120},
	year={2024},
	publisher={National Acad Sciences}
}

