@article{tuljapurkar_population_1982,
	title = {Population dynamics in variable environments. {III}. {Evolutionary} dynamics of r-selection},
	volume = {21},
	issn = {0040-5809},
	url = {http://www.sciencedirect.com/science/article/pii/0040580982900107},
	doi = {10.1016/0040-5809(82)90010-7},
	abstract = {The boundary dynamics of a genetic model for an age-structured population in a temporally fluctuating environment are analyzed. The condition for invasion by a new allele identifies the logarithmic growth rate a of each life history phenotype as the fitness measure relevant to “r-selection.” An analytical formula is obtained for fitness a when temporal variance in life history characters is small. This formula reveals the major qualitative and quantitative effects of the average life history, fluctuations, and temporal autocorrelation on fitness. A similar approximation is obtained for the log-variance of population number so that the statistical distribution of population size can be estimated.},
	language = {en},
	number = {1},
	urldate = {2019-12-01},
	journal = {Theoretical Population Biology},
	author = {Tuljapurkar, Shripad D.},
	month = feb,
	year = {1982},
	pages = {141--165},
	file = {ScienceDirect Snapshot:/Users/joshuacfowler/Zotero/storage/JJ8ZJKK3/0040580982900107.html:text/html}
}

@article{hilde_demographic_2020,
	title = {The {Demographic} {Buffering} {Hypothesis}: {Evidence} and {Challenges}},
	volume = {0},
	issn = {0169-5347},
	shorttitle = {The {Demographic} {Buffering} {Hypothesis}},
	url = {https://www.cell.com/trends/ecology-evolution/abstract/S0169-5347(20)30050-1},
	doi = {10.1016/j.tree.2020.02.004},
	language = {English},
	number = {0},
	urldate = {2020-03-25},
	journal = {Trends in Ecology \& Evolution},
	author = {Hilde, Christoffer H. and Gamelon, Marlène and Sæther, Bernt-Erik and Gaillard, Jean-Michel and Yoccoz, Nigel G. and Pélabon, Christophe},
	month = mar,
	year = {2020},
	note = {Publisher: Elsevier},
	keywords = {demographic lability, elasticity, environmental stochasticity, population growth rate, sensitivity, vital rates}
}

@article{lewontin_population_1969,
	title = {On {Population} {Growth} in a {Randomly} {Varying} {Environment}},
	volume = {62},
	issn = {0027-8424, 1091-6490},
	url = {https://www.pnas.org/content/62/4/1056},
	doi = {10.1073/pnas.62.4.1056},
	abstract = {If a population is growing in a randomly varying environment, such that the finite rate of increase per generation is a random variable with no serial autocorrelation, the logarithm of population size at any time t is normally distributed. Even though the expectation of population size may grow infinitely large with time, the probability of extinction may approach unity, owing to the difference between the geometric and arithmetic mean growth rates.},
	language = {en},
	number = {4},
	urldate = {2020-03-26},
	journal = {Proceedings of the National Academy of Sciences},
	author = {Lewontin, R. C. and Cohen, D.},
	month = apr,
	year = {1969},
	pmid = {5256406},
	note = {Publisher: National Academy of Sciences
Section: Biological Sciences: Zoology},
	pages = {1056--1060},
	file = {Full Text PDF:/Users/joshuacfowler/Zotero/storage/XMRUA3C3/Lewontin and Cohen - 1969 - On Population Growth in a Randomly Varying Environ.pdf:application/pdf;Snapshot:/Users/joshuacfowler/Zotero/storage/5FBFLJJY/1056.html:text/html}
}


@article{pfister1998patterns,
	title={Patterns of variance in stage-structured populations: evolutionary predictions and ecological implications},
	author={Pfister, Catherine A},
	journal={Proceedings of the National Academy of Sciences},
	volume={95},
	number={1},
	pages={213--218},
	year={1998},
	publisher={National Acad Sciences}
}

@book{IPCC2012managing,
  title={Managing the risks of extreme events and disasters to advance climate change adaptation: special report of the intergovernmental panel on climate change. Special Report.},
  author={IPCC (Intergovernmental Panel on Climate Change)},
  year={2012},
  publisher={Cambridge University Press}
}

@article{iles2019shifting,
  title={Shifting vital rate correlations alter predicted population responses to increasingly variable environments},
  author={Iles, David T and Rockwell, Robert F and Koons, David N},
  journal={The American Naturalist},
  volume={193},
  number={3},
  pages={E57--E64},
  year={2019},
  publisher={University of Chicago Press Chicago, IL}
}

@article{doak2005correctly,
  title={Correctly estimating how environmental stochasticity influences fitness and population growth},
  author={Doak, Daniel F and Morris, William F and Pfister, Cathy and Kendall, Bruce E and Bruna, Emilio M},
  journal={The American Naturalist},
  volume={166},
  number={1},
  pages={E14--E21},
  year={2005},
  publisher={The University of Chicago Press}
}

@article{chamberlain2014context,
  title={How context dependent are species interactions?},
  author={Chamberlain, Scott A and Bronstein, Judith L and Rudgers, Jennifer A},
  journal={Ecology letters},
  volume={17},
  number={7},
  pages={881--890},
  year={2014},
  publisher={Wiley Online Library}
}

@article{seneviratne2012changes,
  title={Changes in climate extremes and their impacts on the natural physical environment},
  author={Seneviratne, Sonia and Nicholls, Neville and Easterling, David and Goodess, Clare and Kanae, Shinjiro and Kossin, James and Luo, Yali and Marengo, Jose and McInnes, Kathleen and Rahimi, Mohammad and others},
  year={2012}
}

@incollection{stocker2013technical,
  title={Technical summary},
  author={Stocker, Thomas F and Qin, Dahe and Plattner, G-K and Alexander, Lisa V and Allen, Simon K and Bindoff, Nathaniel L and Br{\'e}on, F-M and Church, John A and Cubasch, Ulrich and Emori, Seita and others},
  booktitle={Climate change 2013: the physical science basis. Contribution of Working Group I to the Fifth Assessment Report of the Intergovernmental Panel on Climate Change},
  pages={33--115},
  year={2013},
  publisher={Cambridge University Press}
}

@article{menges1990population,
  title={Population viability analysis for an endangered plant},
  author={Menges, Eric S},
  journal={Conservation biology},
  volume={4},
  number={1},
  pages={52--62},
  year={1990},
  publisher={Wiley Online Library}
}

@article{kivlin2013fungal,
  title={Fungal symbionts alter plant responses to global change},
  author={Kivlin, Stephanie N and Emery, Sarah M and Rudgers, Jennifer A},
  journal={American Journal of Botany},
  volume={100},
  number={7},
  pages={1445--1457},
  year={2013},
  publisher={Wiley Online Library}
}

@article{elderd2016quantifying,
  title={Quantifying demographic uncertainty: Bayesian methods for integral projection models},
  author={Elderd, Bret D and Miller, Tom EX},
  journal={Ecological Monographs},
  volume={86},
  number={1},
  pages={125--144},
  year={2016},
  publisher={Wiley Online Library}
}

@incollection{bacon2018stains,
  title={Stains, media, and procedures for analyzing endophytes},
  author={Bacon, Charles W and White, James F},
  booktitle={Biotechnology of endophytic fungi of grasses},
  pages={47--56},
  year={2018},
  publisher={CRC Press}
}

@article{fine1975vectors,
  title={Vectors and vertical transmission: an epidemiologic perspective},
  author={Fine, Paul EM},
  journal={Annals of the New York Academy of Sciences},
  volume={266},
  number={1},
  pages={173--194},
  year={1975},
  publisher={Wiley Online Library}
}

@article{douglas1998host,
  title={Host benefit and the evolution of specialization in symbiosis},
  author={Douglas, AE},
  journal={Heredity},
  volume={81},
  number={6},
  pages={599--603},
  year={1998},
  publisher={Nature Publishing Group}
}

@article{rudgers2009fungus,
  title={A fungus among us: broad patterns of endophyte distribution in the grasses},
  author={Rudgers, Jennifer A and Afkhami, Michelle E and R{\'u}a, Megan A and Davitt, Andrew J and Hammer, Samantha and Huguet, Val{\'e}rie M},
  journal={Ecology},
  volume={90},
  number={6},
  pages={1531--1539},
  year={2009},
  publisher={Wiley Online Library}
}

@article{brem2001epichloe,
  title={Epichlo{\"e} grass endophytes increase herbivore resistance in the woodland grass Brachypodium sylvaticum},
  author={Brem, D and Leuchtmann, A},
  journal={Oecologia},
  volume={126},
  number={4},
  pages={522--530},
  year={2001},
  publisher={Springer}
}

@article{hamilton2012new,
  title={A new currency for mutualism? Fungal endophytes alter antioxidant activity in hosts responding to drought},
  author={Hamilton, Cyd E and Bauerle, Taryn L},
  journal={Fungal Diversity},
  volume={54},
  number={1},
  pages={39--49},
  year={2012},
  publisher={Springer}
}

@article{cheplick2004recovery,
  title={Recovery from drought stress in Lolium perenne (Poaceae): are fungal endophytes detrimental?},
  author={Cheplick, Gregory P},
  journal={American Journal of Botany},
  volume={91},
  number={12},
  pages={1960--1968},
  year={2004},
  publisher={Wiley Online Library}
}

@article{kannadan2008endophyte,
  title={Endophyte symbiosis benefits a rare grass under low water availability},
  author={Kannadan, S and Rudgers, JA},
  journal={Functional Ecology},
  volume={22},
  number={4},
  pages={706--713},
  year={2008},
  publisher={Wiley Online Library}
}

@article{tuljapurkar1980population,
  title={Population dynamics in variable environments I. Long-run growth rates and extinction},
  author={Tuljapurkar, SD and Orzack, Steven Hecht},
  journal={Theoretical Population Biology},
  volume={18},
  number={3},
  pages={314--342},
  year={1980},
  publisher={Elsevier}
}

@article{hoadley2019host,
  title={Host--symbiont combinations dictate the photo-physiological response of reef-building corals to thermal stress},
  author={Hoadley, Kenneth D and Lewis, Allison M and Wham, Drew C and Pettay, D Tye and Grasso, Chris and Smith, Robin and Kemp, Dustin W and LaJeunesse, Todd C and Warner, Mark E},
  journal={Scientific Reports},
  volume={9},
  number={1},
  pages={1--15},
  year={2019},
  publisher={Nature Publishing Group}
}

@article{russell2006costs,
  title={Costs and benefits of symbiont infection in aphids: variation among symbionts and across temperatures},
  author={Russell, Jacob A and Moran, Nancy A},
  journal={Proceedings of the Royal Society B: Biological Sciences},
  volume={273},
  number={1586},
  pages={603--610},
  year={2006},
  publisher={The Royal Society London}
}

@article{corbin2017heritable,
  title={Heritable symbionts in a world of varying temperature},
  author={Corbin, Chris and Heyworth, Eleanor Rose and Ferrari, Julia and Hurst, Gregory DD},
  journal={Heredity},
  volume={118},
  number={1},
  pages={10--20},
  year={2017},
  publisher={Nature Publishing Group}
}

@article{brownlie2009symbiont,
  title={Symbiont-mediated protection in insect hosts},
  author={Brownlie, Jeremy C and Johnson, Karyn N},
  journal={Trends in microbiology},
  volume={17},
  number={8},
  pages={348--354},
  year={2009},
  publisher={Elsevier}
}

@article{mcfall2013animals,
  title={Animals in a bacterial world, a new imperative for the life sciences},
  author={McFall-Ngai, Margaret and Hadfield, Michael G and Bosch, Thomas CG and Carey, Hannah V and Domazet-Lo{\v{s}}o, Tomislav and Douglas, Angela E and Dubilier, Nicole and Eberl, Gerard and Fukami, Tadashi and Gilbert, Scott F and others},
  journal={Proceedings of the National Academy of Sciences},
  volume={110},
  number={9},
  pages={3229--3236},
  year={2013},
  publisher={National Acad Sciences}
}

@article{rudgers2020climate,
  title={Climate disruption of plant-microbe interactions},
  author={Rudgers, Jennifer A and Afkhami, Michelle E and Bell-Dereske, Lukas and Chung, Y Anny and Crawford, Kerri M and Kivlin, Stephanie N and Mann, Michael A and Nu{\~n}ez, Martin A},
  journal={Annual review of ecology, evolution, and systematics},
  volume={51},
  number={1},
  year={2020}
}

@article{rodriguez2009fungal,
  title={Fungal endophytes: diversity and functional roles},
  author={Rodriguez, RJ and White Jr, JF and Arnold, Anne E and Redman, a RS and},
  journal={New phytologist},
  volume={182},
  number={2},
  pages={314--330},
  year={2009},
  publisher={Wiley Online Library}
}

@article{billick2003relative,
  title={The relative importance of spatial vs. temporal variability in generating a conditional mutualism},
  author={Billick, Ian and Tonkel, Kirk},
  journal={Ecology},
  volume={84},
  number={2},
  pages={289--295},
  year={2003},
  publisher={Wiley Online Library}
}

@article{jordano1994spatial,
  title={Spatial and temporal variation in the avian-frugivore assemblage of Prunus mahaleb: patterns and consequences},
  author={Jordano, Pedro},
  journal={Oikos},
  pages={479--491},
  year={1994},
  publisher={JSTOR}
}

@article{decunta2021systematic,
  title={A systematic review on the effects of Epichlo{\"e} fungal endophytes on drought tolerance in cool-season grasses},
  author={Decunta, Facundo A and P{\'e}rez, Luis I and Malinowski, Dariusz P and Molina-Montenegro, Marco A and Gundel, Pedro E},
  journal={Frontiers in plant science},
  volume={12},
  pages={644731},
  year={2021},
  publisher={Frontiers Media SA}
}

@book{cheplick2009ecology,
  title={Ecology and evolution of the grass-endophyte symbiosis},
  author={Cheplick, Gregory P and Faeth, Stanley and Faeth, Stanley H},
  year={2009},
  publisher={OUP USA}
}

@article{rudgers2009benefits,
  title={Benefits of a fungal endophyte in Elymus virginicus decline under drought stress},
  author={Rudgers, Jennifer A and Swafford, Angela L},
  journal={Basic and Applied Ecology},
  volume={10},
  number={1},
  pages={43--51},
  year={2009},
  publisher={Elsevier}
}

@article{brooks1998general,
  title={General methods for monitoring convergence of iterative simulations},
  author={Brooks, Stephen P and Gelman, Andrew},
  journal={Journal of computational and graphical statistics},
  volume={7},
  number={4},
  pages={434--455},
  year={1998},
  publisher={Taylor \& Francis}
}

@book{gelman2006data,
  title={Data analysis using regression and multilevel/hierarchical models},
  author={Gelman, Andrew and Hill, Jennifer},
  year={2006},
  publisher={Cambridge university press}
}

@article{morris2008longevity,
  title={Longevity can buffer plant and animal populations against changing climatic variability},
  author={Morris, William F and Pfister, Catherine A and Tuljapurkar, Shripad and Haridas, Chirrakal V and Boggs, Carol L and Boyce, Mark S and Bruna, Emilio M and Church, Don R and Coulson, Tim and Doak, Daniel F and others},
  journal={Ecology},
  volume={89},
  number={1},
  pages={19--25},
  year={2008},
  publisher={Wiley Online Library}
}

@article{fieberg2001stochastic,
  title={Stochastic matrix models for conservation and management: a comparative review of methods},
  author={Fieberg, John and Ellner, Stephen P},
  journal={Ecology letters},
  volume={4},
  number={3},
  pages={244--266},
  year={2001},
  publisher={Wiley Online Library}
}

@article{ellis2013role,
  title={The role of transient dynamics in stochastic population growth for nine perennial plants},
  author={Ellis, Martha M and Crone, Elizabeth E},
  journal={Ecology},
  volume={94},
  number={8},
  pages={1681--1686},
  year={2013},
  publisher={Wiley Online Library}
}

@article{tuljapurkar2003many,
  title={The many growth rates and elasticities of populations in random environments},
  author={Tuljapurkar, Shripad and Horvitz, Carol C and Pascarella, John B},
  journal={The American Naturalist},
  volume={162},
  number={4},
  pages={489--502},
  year={2003},
  publisher={The University of Chicago Press}
}

@book{tuljapurkar2013population,
  title={Population dynamics in variable environments},
  author={Tuljapurkar, Shripad},
  volume={85},
  year={2013},
  publisher={Springer Science \& Business Media}
}

@article{cohen1979comparative,
  title={Comparative statics and stochastic dynamics of age-structured populations},
  author={Cohen, Joel E},
  journal={Theoretical population biology},
  volume={16},
  number={2},
  pages={159--171},
  year={1979},
  publisher={Elsevier}
}

@article{compagnoni2016effect,
  title={The effect of demographic correlations on the stochastic population dynamics of perennial plants},
  author={Compagnoni, Aldo and Bibian, Andrew J and Ochocki, Brad M and Rogers, Haldre S and Schultz, Emily L and Sneck, Michelle E and Elderd, Bret D and Iler, Amy M and Inouye, David W and Jacquemyn, Hans and others},
  journal={Ecological Monographs},
  volume={86},
  number={4},
  pages={480--494},
  year={2016},
  publisher={Wiley Online Library}
}


